<?xml version="1.0" encoding="UTF-8"?><collection xmlns="http://www.loc.gov/MARC21/slim"><record><leader>00593nam--2200181-u-4500</leader><controlfield tag="001">000056260</controlfield><controlfield tag="002">20161230</controlfield><controlfield tag="005">20161230201052</controlfield><controlfield tag="008">150316s1000------------r-----000-0-rum-d</controlfield><datafield ind1=" " ind2=" " tag="040"><subfield code="a">IFIN-HH</subfield></datafield><datafield ind1=" " ind2=" " tag="041"><subfield code="a">rum</subfield></datafield><datafield ind1=" " ind2=" " tag="080"><subfield code="a">53:001.1</subfield></datafield><datafield ind1="1" ind2=" " tag="110"><subfield code="a">Comitetul de Stat pentru Energia Nucleara</subfield></datafield><datafield ind1="1" ind2="0" tag="245"><subfield code="a">Program privind dezvoltarea unor cercetari prioritare in domeniul fizicii pe perioada 1968-1970 cu implicatii in cincinalul urmator (proiect)</subfield></datafield><datafield ind1=" " ind2=" " tag="260"><subfield code="a">Bucuresti</subfield><subfield code="b">Comitetul De Stat Pentru Energia Nucleara</subfield><subfield code="c">1968</subfield></datafield><datafield ind1=" " ind2=" " tag="300"><subfield code="a">63P</subfield></datafield><datafield ind1=" " ind2=" " tag="852"><subfield code="a">37621</subfield><subfield code="c">53</subfield></datafield><datafield ind1=" " ind2=" " tag="CAT"><subfield code="a">Sys</subfield><subfield code="c">20150316</subfield><subfield code="h">114306</subfield></datafield></record></collection>